<?xml version="1.0" encoding="UTF-8"?><collection xmlns="http://www.loc.gov/MARC21/slim"><record><leader>00578nam--2200205-i-4500</leader><controlfield tag="001">000045748</controlfield><controlfield tag="002">20161230</controlfield><controlfield tag="005">20161230201045</controlfield><controlfield tag="008">060222s1000------------r-----000-0-rum-d</controlfield><datafield ind1=" " ind2=" " tag="040"><subfield code="a">IFIN-HH</subfield></datafield><datafield ind1=" " ind2=" " tag="041"><subfield code="a">rum</subfield></datafield><datafield ind1=" " ind2=" " tag="080"><subfield code="a">539.213</subfield></datafield><datafield ind1="1" ind2=" " tag="100"><subfield code="a">Trusculescu,Marin</subfield></datafield><datafield ind1="1" ind2="0" tag="245"><subfield code="a">Metale amorfe</subfield><subfield code="c">Marin trusculescu, viorel aurel serban, dan trusculescu</subfield></datafield><datafield ind1=" " ind2=" " tag="260"><subfield code="a">Bucuresti</subfield><subfield code="b">Editura Tehnica</subfield><subfield code="c">1988</subfield></datafield><datafield ind1=" " ind2=" " tag="300"><subfield code="a">213 P</subfield></datafield><datafield ind1=" " ind2=" " tag="490"><subfield code="a">Stiinta Si Tehnica Pentru Toti Seria Tehnica La Zi</subfield></datafield><datafield ind1="1" ind2=" " tag="700"><subfield code="a">Trusculescu, Dan</subfield></datafield><datafield ind1=" " ind2=" " tag="852"><subfield code="a">79721</subfield><subfield code="c">539.217</subfield></datafield><datafield ind1=" " ind2=" " tag="CAT"><subfield code="a">Sys</subfield><subfield code="c">20121211</subfield><subfield code="h">130415</subfield></datafield></record></collection>